<record xmlns="http://www.loc.gov/MARC21/slim" xmlns:xsi="http://www.w3.org/2001/XMLSchema-instance" xsi:schemaLocation="http://www.loc.gov/MARC21/slim http://www.loc.gov/standards/marcxml/schema/MARC21slim.xsd"><leader>00525cz   2200169n  4500</leader><controlfield tag="001">oca00433558 </controlfield><controlfield tag="005">20000414064206.0</controlfield><controlfield tag="008">800528n| acannaabn          |a aaa      </controlfield><datafield ind1=" " ind2=" " tag="010"><subfield code="a">n  80051712 </subfield></datafield><datafield ind1=" " ind2=" " tag="040"><subfield code="a">DLC</subfield><subfield code="c">DLC</subfield><subfield code="d">NjP</subfield><subfield code="d">TNJ</subfield></datafield><datafield ind1="0" ind2=" " tag="100"><subfield code="a">Xenophon,</subfield><subfield code="c">of Ephesus</subfield></datafield><datafield ind1="0" ind2=" " tag="400"><subfield code="a">Ksenofont Ėfesskiĭ</subfield></datafield><datafield ind1="0" ind2=" " tag="400"><subfield code="a">Senofonte Efesio</subfield></datafield><datafield ind1="0" ind2=" " tag="400"><subfield code="a">Xenophon Ephesius</subfield></datafield><datafield ind1=" " ind2=" " tag="670"><subfield code="a">His Gli efesiaci, 1800.</subfield></datafield><datafield ind1=" " ind2=" " tag="670"><subfield code="a">Storie d'amore antiche, 1987:</subfield><subfield code="b">p. 409 (Senofonte Efesio)</subfield></datafield><datafield ind1=" " ind2=" " tag="670"><subfield code="a">Ephesiacorum libri V, 1973:</subfield><subfield code="b">cover (Xenophon Ephesius)</subfield></datafield></record>